@article{temperatures2013, 
  author = {A. Overeem and J. C. R. Robinson and H. Leijnse and G. J. Steeneveld and B. K. P. Horn and R. Uijlenhoet},
  title = {Crowdsourcing urban air temperatures from smartphone battery temperatures},
  year = {2013},
  journal = {Geophysical Research Letters},
  volume = {40}
}

@book{photovoltaic,
  author = {Fiktivus Maximus},
  title = {Photovoltaic},
  publisher = {Unknown},
  year = {2020},
  edition = {42}
}